<record><leader>00000cas a22000007a 4500</leader><controlfield tag="001">19646987</controlfield><controlfield tag="008">890503d19871998gaucr ne      0   a0eng d</controlfield><datafield ind1=" " ind2=" " tag="010"><subfield code="a">sn 89053250 </subfield></datafield><datafield ind1=" " ind2=" " tag="040"><subfield code="a">NLG</subfield><subfield code="b">eng</subfield><subfield code="c">NLG</subfield><subfield code="d">NSD</subfield><subfield code="d">GUA</subfield><subfield code="d">NSD</subfield><subfield code="d">OCLCQ</subfield><subfield code="d">OCLCF</subfield><subfield code="d">OCLCO</subfield></datafield><datafield ind1=" " ind2=" " tag="012"><subfield code="m">d</subfield></datafield><datafield ind1="1" ind2=" " tag="022"><subfield code="a">1045-6678</subfield><subfield code="l">1045-6678</subfield><subfield code="y">8750-9962</subfield><subfield code="2">1</subfield></datafield><datafield ind1="1" ind2=" " tag="029"><subfield code="a">AU@</subfield><subfield code="b">000020566420</subfield></datafield><datafield ind1=" " ind2=" " tag="042"><subfield code="a">msc</subfield><subfield code="a">nsdp</subfield></datafield><datafield ind1=" " ind2=" " tag="043"><subfield code="a">n-us-ga</subfield></datafield><datafield ind1=" " ind2="4" tag="222"><subfield code="a">The Henry herald</subfield></datafield><datafield ind1="0" ind2="4" tag="245"><subfield code="a">The Henry herald.</subfield></datafield><datafield ind1=" " ind2=" " tag="260"><subfield code="a">McDonough, Henry County, Ga. :</subfield><subfield code="b">Henry County Newspapers, Inc.,</subfield><subfield code="c">1987-1998.</subfield></datafield><datafield ind1=" " ind2=" " tag="300"><subfield code="a">v.</subfield></datafield><datafield ind1=" " ind2=" " tag="310"><subfield code="a">Semiweekly,</subfield><subfield code="b">&lt;July 26, 1989-&gt;</subfield></datafield><datafield ind1=" " ind2=" " tag="321"><subfield code="a">Weekly,</subfield><subfield code="b">&lt;1989-&gt;</subfield></datafield><datafield ind1="0" ind2=" " tag="362"><subfield code="a">Vol. 111, no. 17 (Apr. 29, 1987) -v. 125, no. 34 (Mar. 21-22, 1998).</subfield></datafield><datafield ind1=" " ind2=" " tag="515"><subfield code="a">Issues for &lt;June 1, 1998-&gt; called also &lt;v. 27, no. 229-&gt;</subfield></datafield><datafield ind1=" " ind2=" " tag="530"><subfield code="a">Also on microfilm: Athens, Ga. : University of Georgia Libraries.</subfield></datafield><datafield ind1=" " ind2=" " tag="588"><subfield code="a">Description based on: 111th year, no. 33 (Aug. 19, 1987).</subfield></datafield><datafield ind1=" " ind2="0" tag="651"><subfield code="a">McDonough (Ga.)</subfield><subfield code="v">Newspapers.</subfield></datafield><datafield ind1=" " ind2="0" tag="651"><subfield code="a">Henry County (Ga.)</subfield><subfield code="v">Newspapers.</subfield></datafield><datafield ind1=" " ind2="7" tag="655"><subfield code="a">Newspapers.</subfield><subfield code="2">fast</subfield><subfield code="0">(OCoLC)fst01423814</subfield></datafield><datafield ind1=" " ind2="7" tag="651"><subfield code="a">Georgia</subfield><subfield code="z">Henry County.</subfield><subfield code="2">fast</subfield><subfield code="0">(OCoLC)fst01209687</subfield></datafield><datafield ind1=" " ind2="7" tag="651"><subfield code="a">Georgia</subfield><subfield code="z">McDonough.</subfield><subfield code="2">fast</subfield><subfield code="0">(OCoLC)fst01218165</subfield></datafield><datafield ind1=" " ind2=" " tag="752"><subfield code="a">United States</subfield><subfield code="b">Georgia</subfield><subfield code="c">Henry</subfield><subfield code="d">McDonough.</subfield></datafield><datafield ind1="0" ind2="0" tag="780"><subfield code="t">Henry County herald</subfield><subfield code="x">8750-9962</subfield><subfield code="w">(DLC)sn 85009405</subfield><subfield code="w">(OCoLC)12027176</subfield></datafield><datafield ind1="0" ind2="0" tag="785"><subfield code="t">Daily herald (McDonough, Ga.)</subfield><subfield code="x">1939-5612</subfield><subfield code="w">(DLC)  2002233218</subfield><subfield code="w">(OCoLC)51489592</subfield></datafield></record>